<?xml version="1.0" encoding="UTF-8"?><record xmlns="http://www.loc.gov/MARC21/slim" xmlns:cinclude="http://apache.org/cocoon/include/1.0" xmlns:zs="http://www.loc.gov/zing/srw/">
  <leader>00614cz  a2200157n  4500</leader>
  <controlfield tag="001">n  85117002 </controlfield>
  <controlfield tag="003">DLC</controlfield>
  <controlfield tag="005">20080627075823.0</controlfield>
  <controlfield tag="008">850419n| acannaabn          |a aaa      </controlfield>
  <datafield tag="010" ind1=" " ind2=" ">
    <subfield code="a">n  85117002 </subfield>
  </datafield>
  <datafield tag="035" ind1=" " ind2=" ">
    <subfield code="a">(OCoLC)oca01323047</subfield>
  </datafield>
  <datafield tag="040" ind1=" " ind2=" ">
    <subfield code="a">DLC</subfield>
    <subfield code="b">eng</subfield>
    <subfield code="c">DLC</subfield>
    <subfield code="d">DLC</subfield>
    <subfield code="d">OCoLC</subfield>
  </datafield>
  <datafield tag="100" ind1="1" ind2=" ">
    <subfield code="a">Tönnis, Wilhelm,</subfield>
    <subfield code="d">1898-1978</subfield>
  </datafield>
  <datafield tag="400" ind1="1" ind2=" ">
    <subfield code="a">Tönnis, W.</subfield>
    <subfield code="q">(Wilhelm),</subfield>
    <subfield code="d">1898-1978</subfield>
  </datafield>
  <datafield tag="670" ind1=" " ind2=" ">
    <subfield code="a">His Jahre der Entwicklung der Neurochirurgie ... 1984:</subfield>
    <subfield code="b">t.p. (Wilhelm Tönnis; 1898-1978)</subfield>
  </datafield>
  <datafield tag="670" ind1=" " ind2=" ">
    <subfield code="a">Gesamtverb. Deut. Nervenärzte. Kongress (1959 : Cologen Ger.). Kreislaufstörungen des Zentralnervensystems, 1961:</subfield>
    <subfield code="b">t.p. (W. Tönnis)</subfield>
  </datafield>
</record>